@book{2005数值分析,
    title     = {数值分析},
    isbn      = {9787810824958},
    series    = {21 世纪高等学校电子信息类专业规划敎材},
    url       = {https://books.google.com.hk/books?id=FB87g6AP-kEC},
    year      = {2005},
    publisher = {清华大学出版社}
}
@article{数值方法计算弦截法的收敛阶,
    title            = {数值方法计算弦截法的收敛阶},
    author           = {袁力},
    authoraddress    = {郧阳师范高等专科学校数学系 湖北丹江口442700},
    journal          = {郧阳师范高等专科学校学报},
    year             = {2007},
    number           = {03},
    pages            = {15-16+26},
    keywords         = {弦截法;收敛阶;差商;迭代},
    abstract         = {对弦截法的收敛阶首先从理论上予以证明,然后重点运用数值方法对其进行了分析论证,定性地给出了弦截法的收敛性态,并结合实例通过Matlab运行程序,对收敛阶做了进一步的验证.},
    isbn/issn        = {1008-6072},
    notes            = {42-1446/G4},
    databaseprovider = {CNKI}
}